@incollection{sr15_ch2,
   author = {{Rogelj, J., D. Shindell, K. Jiang, S. Fifita, P. Forster, V. Ginzburg, C. Handa, H. Kheshgi, S. Kobayashi, E. Kriegler, L. Mundaca, R. Séférian, and M.V. Vilariño}},
   title = {{2018: Mitigation Pathways Compatible with 1.5°C in the Context of Sustainable Development}},
   booktitle = {{Global Warming of 1.5°C. An IPCC Special Report on the impacts of global warming of 1.5°C above pre-industrial levels and related global greenhouse gas emission pathways, in the context of strengthening the global response to the threat of climate change, sustainable development, and efforts to eradicate poverty}},
   editor = {{[Masson-Delmotte, V., P. Zhai, H.-O. Pörtner, D. Roberts, J. Skea, P.R. Shukla, A. Pirani, W. Moufouma-Okia, C. Péan, R. Pidcock, S. Connors, J.B.R. Matthews, Y. Chen, X. Zhou, M.I. Gomis, E. Lonnoy, T. Maycock, M. Tignor, and T. Waterfield]}},
   publisher = {World Meteorological Organization},
   address = {Geneva, Switzerland},
   chapter = {},
   pages = {93–174},
   ISBN = {},
   DOI = {},
   url = {https://www.ipcc.ch/site/assets/uploads/sites/2/2019/05/SR15_Chapter2_Low_Res.pdf},
   year = {2018},
   type = {Book Section}
}


@techreport{iea_net_2021,
	address = {Paris},
	title = {{Net {Zero} by 2050 - {A} {Roadmap} for the {Global} {Energy} {Sector}}},
	url = {https://www.iea.org/reports/net-zero-by-2050},
	language = {en},
	institution = {{International Energy Agency}},
	author = {IEA},
	month = jul,
	year = {2021},
	pages = {224},
	file = {Net Zero by 2050 - A Roadmap for the Global Energy.pdf:/Users/jmccarty/Zotero/storage/7UXS7PM5/Net Zero by 2050 - A Roadmap for the Global Energy.pdf:application/pdf},
}


@techreport{iea_world_2018,
	address = {Paris},
	title = {{World {Energy} {Outlook} 2018}},
	url = {https://www.oecd-ilibrary.org/energy/world-energy-outlook-2020_557a761b-en;jsessionid=Jb10rMbPstK18oSjAF-g-4NS.ip-10-240-5-148},
	language = {en},
	institution = {International Energy Agency},
	author = {IEA},
	year = {2018},
	pages = {464},
	file = {World Energy Outlook 2020.pdf:/Users/jmccarty/Zotero/storage/KN8RKNYE/World Energy Outlook 2020.pdf:application/pdf},
}



@article{klagge_decentralized_2012,
	title = {{Decentralized electricity generation from renewable sources as a chance for local economic development: a qualitative study of two pioneer regions in {Germany}}},
	volume = {2},
	issn = {2192-0567},
	shorttitle = {Decentralized electricity generation from renewable sources as a chance for local economic development},
	url = {https://doi.org/10.1186/2192-0567-2-5},
	doi = {10.1186/2192-0567-2-5},
	number = {1},
	urldate = {2021-09-27},
	journal = {{Energy, Sustainability and Society}},
	author = {Klagge, Britta and Brocke, Tobias},
	month = feb,
	year = {2012},
	keywords = {economic effects, electricity generation, governance, local economic development, renewable energies},
	pages = {5},
	file = {Full Text PDF:/Users/jmccarty/Zotero/storage/56ZRJXMU/Klagge and Brocke - 2012 - Decentralized electricity generation from renewabl.pdf:application/pdf;Snapshot:/Users/jmccarty/Zotero/storage/QKPWL6WV/2192-0567-2-5.html:text/html},
}

@article{hussain_microgrids_2019,
	title = {Microgrids as a resilience resource and strategies used by microgrids for enhancing resilience},
	volume = {240},
	issn = {0306-2619},
	url = {https://www.sciencedirect.com/science/article/pii/S0306261919303526},
	doi = {10.1016/j.apenergy.2019.02.055},
	language = {en},
	urldate = {2021-09-27},
	journal = {Applied Energy},
	author = {Hussain, Akhtar and Bui, Van-Hai and Kim, Hak-Man},
	month = apr,
	year = {2019},
	keywords = {Microgrid resilience enhancement, Microgrids, Power system resiliency, Resilient microgrids, Survivability},
	pages = {56--72},
	file = {ScienceDirect Snapshot:/Users/jmccarty/Zotero/storage/VPIZBIXT/S0306261919303526.html:text/html},
}

@article{perera_electrical_2017,
	title = {{Electrical hubs: {An} effective way to integrate non-dispatchable renewable energy sources with minimum impact to the grid}},
	volume = {190},
	issn = {0306-2619},
	shorttitle = {Electrical hubs},
	url = {https://www.sciencedirect.com/science/article/pii/S0306261916319109},
	doi = {10.1016/j.apenergy.2016.12.127},
	language = {en},
	urldate = {2021-09-27},
	journal = {Applied Energy},
	author = {Perera, A. T. D. and Nik, Vahid M. and Mauree, Dasaraden and Scartezzini, Jean-Louis},
	month = mar,
	year = {2017},
	keywords = {Distributed generation, Electrical hubs, Grid integration, Multi-objective optimization, Non-dispatchable energy},
	pages = {232--248},
	file = {ScienceDirect Snapshot:/Users/jmccarty/Zotero/storage/E9TXSCPG/S0306261916319109.html:text/html;Submitted Version:/Users/jmccarty/Zotero/storage/MKXIW36M/Perera et al. - 2017 - Electrical hubs An effective way to integrate non.pdf:application/pdf},
}


@article{perera_quantifying_2020,
	title = {{Quantifying the impacts of climate change and extreme climate events on energy systems}},
	volume = {5},
	copyright = {2020 The Author(s), under exclusive licence to Springer Nature Limited},
	issn = {2058-7546},
	url = {https://www.nature.com/articles/s41560-020-0558-0},
	doi = {10.1038/s41560-020-0558-0},
	language = {en},
	number = {2},
	urldate = {2021-09-27},
	journal = {Nature Energy},
	author = {Perera, A. T. D. and Nik, Vahid M. and Chen, Deliang and Scartezzini, Jean-Louis and Hong, Tianzhen},
	month = feb,
	year = {2020},
	pages = {150--159},
	file = {Snapshot:/Users/jmccarty/Zotero/storage/DZPV7CUK/s41560-020-0558-0.html:text/html;Submitted Version:/Users/jmccarty/Zotero/storage/MAUW4RRQ/Perera et al. - 2020 - Quantifying the impacts of climate change and extr.pdf:application/pdf},
}


@article{kim_research_2019,
	title = {{Research paper classification systems based on {TF}-{IDF} and {LDA} schemes}},
	volume = {9},
	issn = {2192-1962},
	url = {https://doi.org/10.1186/s13673-019-0192-7},
	doi = {10.1186/s13673-019-0192-7},
	language = {en},
	number = {1},
	urldate = {2021-08-09},
	journal = {Human-centric Computing and Information Sciences},
	author = {Kim, Sang-Woon and Gil, Joon-Min},
	year = {2019},
	pages = {30},
}

@article{munn_systematic_2018,
	title = {{Systematic review or scoping review? {Guidance} for authors when choosing between a systematic or scoping review approach}},
	volume = {18},
	issn = {1471-2288},
	shorttitle = {Systematic review or scoping review?},
	doi = {10.1186/s12874-018-0611-x},
	language = {eng},
	number = {1},
	journal = {BMC medical research methodology},
	author = {Munn, Zachary and Peters, Micah D. J. and Stern, Cindy and Tufanaru, Catalin and McArthur, Alexa and Aromataris, Edoardo},
	year = {2018},
	keywords = {Debate, Evaluation, Evidence-based healthcare, Evidence-based medicine, Medical research, Medicine, Experimental, Meta-synthesis, Methods, Research, Scoping review, Systematic review},
	pages = {143--143},
}

@article{aromataris_systematic_2014,
	title = {{The {Systematic} {Review}: {An} {Overview}}},
	volume = {114},
	issn = {0002-936X},
	shorttitle = {The {Systematic} {Review}},
	url = {https://journals.lww.com/ajnonline/Fulltext/2014/03000/The_Systematic_Review__An_Overview.28.aspx?casa_token=FDG5bwD_WugAAAAA:bpuekEGCG5G3ZGJhWAZPB3qREDRToX00c6_TMvpmU5fq7YbsnVdWcirKDPzAnsqakMnWJEVzBG_yikInqWTYHrl9Xg},
	doi = {10.1097/01.NAJ.0000444496.24228.2c},
	number = {3},
	urldate = {2021-10-12},
	journal = {AJN The American Journal of Nursing},
	author = {Aromataris, Edoardo and Pearson, Alan},
	month = mar,
	year = {2014},
	pages = {53--58},
}
